@article{bearham2013,
  title={Temperature and light explain spatial variation in growth and productivity of the kelp Ecklonia radiata},
  author={Bearham, Douglas and Vanderklift, Mathew A and Gunson, Jim R},
  journal={Marine Ecology Progress Series},
  volume={476},
  pages={59--70},
  year={2013}
}
@article{bernardes2018,
  title={Kelpsâ€™ long-distance dispersal: role of ecological/oceanographic processes and implications to marine forest conservation},
  author={Bernardes Batista, Manuela and Batista Anderson, Ant{\^o}nio and Franzan Sanches, Paola and Simionatto Polito, Paulo and Lima Silveira, Thiago and Velez-Rubio, Gabriela and Scarabino, Fabrizio and Camacho, Olga and Schmitz, Caroline and Martinez, Ana and others},
  journal={Diversity},
  volume={10},
  number={1},
  pages={11},
  year={2018},
  publisher={Multidisciplinary Digital Publishing Institute}
}
@article{deysher1981,
  title={Dispersal and colonization in Sargassum muticum (Yendo) Fensholt},
  author={Deysher, Larry and Norton, Trevor A},
  journal={Journal of experimental marine biology and ecology},
  volume={56},
  number={2-3},
  pages={179--195},
  year={1981},
  publisher={Elsevier}
}
@article{gao2013,
  title={Combined effects of seawater temperature and nutrient condition on growth and survival of juvenile sporophytes of the kelp Undaria pinnatifida (Laminariales; Phaeophyta) cultivated in northern Honshu, Japan},
  author={Gao, Xu and Endo, Hikaru and Taniguchi, Kazuya and Agatsuma, Yukio},
  journal={Journal of applied phycology},
  volume={25},
  number={1},
  pages={269--275},
  year={2013},
  publisher={Springer}
}
@article{gerard1988,
  title={Temperature ecotypes near the southern boundary of the kelp Laminaria saccharina},
  author={Gerard, VA and Du Bois, KR},
  journal={Marine Biology},
  volume={97},
  number={4},
  pages={575--580},
  year={1988},
  publisher={Springer}
}
@article{gerard1997,
  title={The role of nitrogen nutrition in high-temperature tolerance of the kelp, Laminaria saccharina (Chlorophyta)},
  author={Gerard, Valrie A},
  journal={Journal of Phycology},
  volume={33},
  number={5},
  pages={800--810},
  year={1997},
  publisher={Wiley Online Library}
}
@article{highsmith1985,
  title={Floating and algal rafting as potential dispersal mechanisms in brooding invertebrates.},
  author={Highsmith, Raymond C},
  journal={Marine ecology progress series. Oldendorf},
  volume={25},
  number={2},
  pages={169--179},
  year={1985}
}
@article{jackson2010,
  title={Balancing biodiversity in a changing environment: extinction debt, immigration credit and species turnover},
  author={Jackson, Stephen T and Sax, Dov F},
  journal={Trends in ecology \& evolution},
  volume={25},
  number={3},
  pages={153--160},
  year={2010},
  publisher={Elsevier}
}
@article{kingsford1992,
  title={Drift algae and small fish in coastal waters of northeastern New Zealand},
  author={Kingsford, Michael J},
  journal={Marine Ecology Progress Series},
  pages={41--55},
  year={1992},
  publisher={JSTOR}
}
@article{kingsford1995,
  title={Drift algae: a contribution to near-shore habitat complexity in the pelagic environment and an attractant for fish},
  author={Kingsford, Michael J},
  journal={Marine ecology progress series. Oldendorf},
  volume={116},
  number={1},
  pages={297--301},
  year={1995}
}
@article{mackas1985,
  title={Plankton patchiness: biology in the physical vernacular},
  author={Mackas, David L and Denman, Kenneth L and Abbott, Mark R},
  journal={Bulletin of Marine Science},
  volume={37},
  number={2},
  pages={652--674},
  year={1985},
  publisher={University of Miami-Rosenstiel School of Marine and Atmospheric Science}
}
@book{macarthur2001,
  title={The theory of island biogeography},
  author={MacArthur, Robert H and Wilson, Edward O},
  volume={1},
  year={2001},
  publisher={Princeton university press}
}
@article{zakas2009,
  title={Restricted gene flow in Chilean barnacles reflects an oceanographic and biogeographic transition zone},
  author={Zakas, C and Binford, J and Navarrete, SA and Wares, JP},
  journal={Marine Ecology Progress Series},
  volume={394},
  pages={165--177},
  year={2009}
}
@article{zimmerman1986,
  title={In situ growth and chemical composition of the giant kelp, Macrocystis pyrifera: response to temporal changes in ambient nutrient availability},
  author={Zimmerman, Richard C and Kremer, James N},
  journal={Marine Ecology Progress Series},
  volume={27},
  number={2},
  pages={277--285},
  year={1986},
  publisher={Inter-Research}
}