% Encoding: UTF-8
Qian@article{stegenga1997seaweeds,
title={{Seaweeds of the South African west coast}},
author={Stegenga, Herre and Bolton, John J and Anderson, Robert J},
journal={Contributions of the Bolus Herbarium},
volume={18},
pages={3--637},
year={1997}
}

@article{DeClerck2005,
title={{Guide to the seaweeds of KwaZulu-Natal}},
author={De Clerck, Olivier and Bolton, John J and Anderson, Robert J and Coppejans, Eric},
journal={Scripta Botanica Belgica},
volume={33},
year={2005},
pages={294 pp.},
publisher={JSTOR}
}

@article{Bolton2002,
author = {Bolton, J J and Stegenga, H},
journal = {South African Journal of Marine Science},
number = {1},
pages = {9--18},
publisher = {Taylor \& Francis Group },
title = {{Seaweed species diversity in South Africa}},
volume = {24},
year = {2002}
}

@article{Bolton1986,
author = {Bolton, J J},
journal = {Botanica Marina},
number = {3},
pages = {251--256},
title = {{Marine phytogeography of the Benguela upwelling region on the west coast of southern Africa: A temperature dependent approach}},
volume = {29},
year = {1986}
}

@article{Smit2013,
author = {Smit, Albertus J and Roberts, Michael and Anderson, Robert J and Dufois, Fran\c{c}ois and Dudley, Sheldon F J and Bornman, Thomas G and Olbers, Jennifer and Bolton, John J},
journal = {PLOS ONE},
number = {12},
pages = {e81944},
title = {{A coastal seawater temperature dataset for biogeographical studies: large biases between \emph{in situ} and remotely-sensed data sets around the coast of South Africa}},
volume = {8},
year = {2013}
}

@article{Baselga2010,
author = {Baselga, Andr\'{e}s},
journal = {Global Ecology and Biogeography},
number = {1},
pages = {134--143},
title = {{Partitioning the turnover and nestedness components of beta diversity}},
volume = {19},
year = {2010}
}

@article{Chase2011,
author = {Chase, Jonathan M. and Kraft, Nathan J. B. and Smith, Kevin G. and Vellend, Mark and Inouye, Brian D},
journal = {Ecosphere},
number = {2},
pages = {art24},
title = {{Using null models to disentangle variation in community dissimilarity from variation in $\alpha$-diversity}},
volume = {2},
year = {2011}
}

@article{Anderson2013,
author = {Anderson, Marti J and Tolimieri, Nick and Millar, Russell B},
journal = {PLOS ONE},
number = {3},
pages = {e57918},
title = {{Beta diversity of demersal fish assemblages in the North-Eastern Pacific: interactions of latitude and depth}},
volume = {8},
year = {2013}
}

@article{Anderson2011,
author = {Anderson, Marti J and Crist, Thomas O and Chase, Jonathan M and Vellend, Mark and Inouye, Brian D and Freestone, Amy L and Sanders, Nathan J and Cornell, Howard V and Comita, Liza S and Davies, Kendi F and Harrison, Susan P and Kraft, Nathan J B and Stegen, James C and Swenson, Nathan G},
journal = {Ecology Letters},
number = {1},
pages = {19--28},
title = {{Navigating the multiple meanings of $\beta$ diversity: a roadmap for the practicing ecologist}},
volume = {14},
year = {2011}
}

@article{Whittaker1967,
author = {Whittaker, R H},
journal = {Biological Reviews},
number = {2},
pages = {207--264},
title = {{Gradient analysis of vegetation}},
volume = {42},
year = {1967}
}

@article{Nekola1999,
author = {Nekola, Jeffrey C and White, Peter S and Carolina, North and Nekola, C and Curriculum, Peter S White},
journal = {Journal of Biogeography},
number = {4},
pages = {867--878},
title = {{The distance decay of similarity in biogeography and ecology}},
volume = {26},
year = {1999}
}

@article{Graham2003,
author = {Graham, Michael H},
journal = {Ecology},
number = {11},
pages = {2809--2815},
title = {{Confronting multicollinearity in ecological multiple regression}},
volume = {84},
year = {2003}
}

@article{Minchin1987,
author = {Minchin, Peter R.},
doi = {10.1007/BF00038690},
journal = {Vegetatio},
number = {1-3},
pages = {89--107},
title = {{An evaluation of the relative robustness of techniques for ecological ordination}},
volume = {69},
year = {1987}
}

@Manual{oksanen2016vegan,
  title = {{vegan: Community Ecology Package}},
  author = {Jari Oksanen and F. Guillaume Blanchet and Michael Friendly and Roeland Kindt and Pierre Legendre and Dan McGlinn and Peter R. Minchin and R. B. O'Hara and Gavin L. Simpson and Peter Solymos and M. Henry H. Stevens and Eduard Szoecs and Helene Wagner},
  year = {2016},
  note = {R package version 2.4-0},
  url = {https://CRAN.R-project.org/package=vegan},
}

@article{Cisneros2011,
author = {Cisneros, Kelly Ortega and Smit, Albertus J and Laudien, J\"{u}rgen and Schoeman, David S},
journal = {PLOS ONE},
number = {8},
pages = {e23724},
title = {{Complex, dynamic combination of physical, chemical and nutritional variables controls spatio-temporal variation of sandy beach community structure}},
volume = {6},
year = {2011}
}

@Manual{R2017,
  title = {{R: A Language and Environment for Statistical Computing}},
  author = {{R Core Team}},
  organization = {R Foundation for Statistical Computing},
  address = {Vienna, Austria},
  year = {2017},
  url = {https://www.R-project.org/},
}

@Article{Csardi2006,
  title = {The igraph software package for complex network research},
  author = {Gabor Csardi and Tamas Nepusz},
  journal = {InterJournal},
  volume = {Complex Systems},
  pages = {1695},
  year = {2006},
  url = {http://igraph.org},
}

@Article{Wood2011,
title = {Fast stable restricted maximum likelihood and marginal
likelihood estimation of semiparametric generalized linear models},
journal = {Journal of the Royal Statistical Society (B)},
volume = {73},
number = {1},
pages = {3--36},
year = {2011},
author = {S. N. Wood},
}

@Manual{Baselga2013b,
title = {{betapart: Partitioning beta diversity into turnover and nestedness
components}},
author = {Andres Baselga and David Orme and Sebastien Villeger and Julien De Bortoli and Fabien Leprieur},
year = {2013},
note = {R package version 1.3},
url = {http://CRAN.R-project.org/package=betapart},
}

@book{Sauer1988,
title={Plant migration: the dynamics of geographic patterning in seed plant species},
author={Sauer, Jonathan D},
year={1988},
publisher={University of California Press},
pages={298 pp.}
}

@book{luning1990seaweeds,
title={Seaweeds: their environment, biogeography, and ecophysiology},
author={L{\"u}ning, Klaus and Yarish, Charles and Kirkman, Hugh},
year={1990},
publisher={John Wiley \& Sons},
pages={544 pp.}
}

@article{Dormann2013,
author = {Dormann, Carsten F. and Elith, Jane and Bacher, Sven and Buchmann, Carsten and Carl, Gudrun and Carr\'{e}, Gabriel and Marqu\'{e}z, Jaime R Garc\'{\i}a and Gruber, Bernd and Lafourcade, Bruno and Leit\~{a}o, Pedro J. and M\"{u}nkem\"{u}ller, Tamara and Mcclean, Colin and Osborne, Patrick E. and Reineking, Bj\"{o}rn and Schr\"{o}der, Boris and Skidmore, Andrew K. and Zurell, Damaris and Lautenbach, Sven},
journal = {Ecography},
number = {1},
pages = {027--046},
title = {{Collinearity: a review of methods to deal with it and a simulation study evaluating their performance}},
volume = {36},
year = {2013}
}

@article{Chave2013,
author = {Chave, J\'{e}r\^{o}me},
journal = {Ecology Letters},
pages = {4--16},
title = {{The problem of pattern and scale in ecology: what have we learned in 20 years?}},
volume = {16 Suppl 1},
year = {2013}
}

@incollection{Bolton2004,
author = {Bolton, John J and Anderson, R J},
booktitle = {Vegetation of Southern Africa},
editor = {Cowling, R M and Richardson, D M and Pierce, S M},
pages = {348--370},
publisher = {Cambridge University Press},
title = {{Marine Vegetation}},
year = {2004}
}

@article{BoltonAnderson2004,
author = {Bolton, J J and Leliaert, F and {De Clerck}, O and Anderson, R J and Stegenga, H and Engledow, H E and Coppejans, E},
journal = {Marine Biology},
number = {1},
pages = {51--59},
title = {{Where is the western limit of the tropical Indian Ocean seaweed flora? An analysis of intertidal seaweed biogeography on the east coast of South Africa}},
volume = {144},
year = {2004}
}

@book{Briggs1995,
title={Global biogeography},
author={Briggs, John C},
volume={14},
year={1995},
publisher={Elsevier}
}

@article{Briggs2012,
title={A realignment of marine biogeographic provinces with particular reference to fish distributions},
author={Briggs, John C and Bowen, Brian W},
journal={Journal of Biogeography},
volume={39},
number={1},
pages={12--30},
year={2012},
publisher={Wiley Online Library}
}

@article{Whittaker1960,
title={{Vegetation of the Siskiyou mountains, Oregon and California}},
author={Whittaker, Robert Harding},
journal={Ecological Monographs},
volume={30},
number={3},
pages={279--338},
year={1960},
publisher={Eco Soc America}
}

@article{Whittaker1972,
title={Evolution and measurement of species diversity},
author={Whittaker, Robert H},
journal={Taxon},
pages={213--251},
year={1972},
publisher={JSTOR}
}

@article{Barton2013,
author = {Barton, Philip S and Cunningham, Saul A and Manning, Adrian D and Gibb, Heloise and Lindenmayer, David B and Didham, Raphael K},
journal = {Global Ecology and Biogeography},
number = {5/6},
pages = {639--647},
title = {{The spatial scaling of beta diversity}},
volume = {22},
year = {2013}
}

@article{Fitzpatrick2013,
author = {Fitzpatrick, Matthew C and Sanders, Nathan J and Normand, Signe and Svenning, Jens-Christian and Ferrier, Simon and Gove, Aaron D and Dunn, Robert R},
journal = {Proceedings of the Royal Society B: Biological Sciences},
number = {1768},
pages = {20131201},
title = {{Environmental and historical imprints on beta diversity: insights from variation in rates of species turnover along gradients.}},
volume = {280},
year = {2013}
}

@article{Davidar2007,
title={The effect of climatic gradients, topographic variation and species traits on the beta diversity of rain forest trees},
author={Davidar, Priya and Rajagopal, B and Mohandass, D and Puyravaud, Jean-Philippe and Condit, Richard and Wright, SJ and Leigh, EG},
journal={Global Ecology and Biogeography},
volume={16},
number={4},
pages={510--518},
year={2007},
publisher={Wiley Online Library}
}

@article{Spalding2007,
author = {Spalding, Mark D and Fox, Helen E and Allen, Gerald R and Davidson, Nick and Ferda\~{n}a, Zach A and Finlayson, M A X and Halpern, Benjamin S and Jorge, Miguel A and Lombana, A L and Lourie, Sara A},
journal = {BioScience},
number = {7},
pages = {573--583},
title = {{Marine ecoregions of the world: a bioregionalization of coastal and shelf areas}},
volume = {57},
year = {2007}
}

@article{Qian2007,
author = {Qian, Hong and Ricklefs, Robert E.},
journal = {Ecology Letters},
number = {8},
pages = {737--744},
title = {{A latitudinal gradient in large-scale beta diversity for vascular plants in North America}},
volume = {10},
year = {2007}
}

@Article{Anderson2013a,
  author  = {Anderson, Marti J and Tolimieri, Nick and Millar, Russell B},
  title   = {{Beta diversity of demersal fish assemblages in the North-Eastern Pacific: interactions of latitude and depth}},
  journal = {PloS one},
  year    = {2013},
  volume  = {8},
  number  = {3},
  pages   = {e57918},
}

@article{VandenHoek1982a,
author = {van den Hoek, C.},
journal = {Helgol\"{a}nder Meeresuntersuchungen},
number = {2},
pages = {153--214},
title = {{Phytogeographic distribution groups of benthic marine algae in the North Atlantic Ocean. A review of experimental evidence from life history studies}},
volume = {35},
year = {1982}
}

@article{Breeman1988,
author = {Breeman, A M},
journal = {Helgol\"{a}nder Meeresuntersuchungen},
number = {2},
pages = {199--241},
title = {{Relative importance of temperature and other factors in determining geographic boundaries of seaweeds: experimental and phenological evidence}},
volume = {42},
year = {1988}
}

@article{Blanchette2008,
author = {Blanchette, Carol A and {Melissa Miner}, C and Raimondi, Peter T and Lohse, David and Heady, Kristen E K and Broitman, Bernardo R},
journal = {Journal of Biogeography},
number = {9},
pages = {1593--1607},
title = {{Biogeographical patterns of rocky intertidal communities along the Pacific coast of North America}},
volume = {35},
year = {2008}
}

@article{Broitman2008,
author = {Broitman, B R and Blanchette, C A and Menge, B A and Lubchenco, J and Krenz, C and Foley, M and Raimondi, P T and Lohse, D and Gaines, S D},
journal = {Ecological Monographs},
number = {3},
pages = {403--421},
title = {{Spatial and temporal patterns of invertebrate recruitment along the west coast of the United States}},
volume = {78},
year = {2008}
}

@article{Byrne2009,
author = {Byrne, Maria and Ho, Melanie and Selvakumaraswamy, Paulina and Nguyen, Hong D and Dworjanyn, Symon A and Davis, Andy R},
journal = {Proceedings of the Royal Society B: Biological Sciences},
number = {1663},
pages = {1883--1888},
title = {{Temperature, but not pH, compromises sea urchin fertilization and early development under near-future climate change scenarios}},
volume = {276},
year = {2009}
}

@article{Verbruggen2009,
author = {Verbruggen, Heroen and Tyberghein, Lennert and Pauly, Klaas and Vlaeminck, Caroline and Nieuwenhuyze, Katrien Van and Kooistra, Wiebe H C F and Leliaert, Frederik and Clerck, Olivier De},
journal = {Global Ecology and Biogeography},
number = {4},
pages = {393--405},
title = {{Macroecology meets macroevolution: evolutionary niche dynamics in the seaweed Halimeda}},
volume = {18},
year = {2009}
}

@article{Wieters2009,
author = {Wieters, E A and Broitman, B R and Branch, G M},
journal = {Limnology and Oceanography},
pages = {1060--1072},
title = {{Benthic community structure and spatiotemporal thermal regimes in two upwelling ecosystems: comparisons between South Africa and Chile}},
volume = {54},
year = {2009}
}

@article{Couce2012,
author = {Couce, Elena and Ridgwell, Andy and Hendy, Erica J},
journal = {Journal of Biogeography},
number = {8},
pages = {1508--1523},
title = {{Environmental controls on the global distribution of shallow-water coral reefs}},
volume = {39},
year = {2012}
}

@article{Potts2014,
author = {Potts, Warren M. and Henriques, Romina and Santos, Carmen V. and Munnik, Kate and Ansorge, Isabelle and Dufois, Francois and Booth, Anthony J. and Kirchner, Carola and Sauer, Warwick H H and Shaw, Paul W.},
journal = {Global Change Biology},
number = {9},
pages = {2765--2777},
title = {{Ocean warming, a rapid distributional shift, and the hybridization of a coastal fish species}},
volume = {20},
year = {2014}
}

@article{Tittensor2010,
author = {Tittensor, Derek P and Mora, Camilo and Jetz, Walter and Lotze, Heike K and Ricard, Daniel and Berghe, Edward Vanden and Worm, Boris},
journal = {Nature},
number = {7310},
pages = {1098--1101},
title = {{Global patterns and predictors of marine biodiversity across taxa}},
volume = {466},
year = {2010}
}

@article{Spalding2012,
author = {Spalding, Mark D and Agostini, Vera N and Rice, Jake and Grant, Susie M},
journal = {Ocean and Coastal Management},
pages = {19--30},
title = {{Pelagic provinces of the world: a biogeographic classification of the world’s surface pelagic waters}},
volume = {60},
year = {2012}
}

@article{Tyberghein2012,
author = {Tyberghein, Lennert and Verbruggen, Heroen and Pauly, Klaas and Troupin, Charles and Mineur, Frederic and {De Clerck}, Olivier},
journal = {Global Ecology and Biogeography},
number = {2},
pages = {272--281},
title = {{Bio-ORACLE: a global environmental dataset for marine species distribution modelling}},
volume = {21},
year = {2012}
}

@article{VandenHoek1982,
author = {van den Hoek, C},
journal = {Biological Journal of the Linnean Society},
number = {2},
pages = {81--144},
title = {{The distribution of benthic marine algae in relation to the temperature regulation of their life histories}},
volume = {18},
year = {1982}
}

@article{Stephenson1948,
author = {Stephenson, Thomas Alan},
journal = {Annals of the Natal Museum},
number = {2},
pages = {207--324},
title = {{The constitution of the intertidal fauna and flora of South Africa, Part 3}},
volume = {11},
year = {1948}
}

@techreport{Lombard2004,
author = {Lombard, Amanda T and Strauss, Taniia and Harris, Jean and Sink, Kerry and Attwood, Colin and Hutchings, Larry},
booktitle = {SANBI},
pages = {1--96},
publisher = {South African National Biodiversity Institute},
title = {{South African National Spatial Biodiversity Assessment 2004}},
year = {2004}
}

@article{Bolton1994,
title={Global seaweed diversity: patterns and anomalies},
author={Bolton, JJ},
journal={Botanica Marina},
volume={37},
number={3},
pages={241--246},
year={1994}
}

@article{Santelices2009,
title={Chapter 6. Marine algal communities},
author={Santelices, B and Bolton, JJ and Meneses, I},
journal={Marine macroecology},
pages={153},
year={2009},
publisher={University of Chicago Press}
}

@article{Griffiths2010,
author = {Griffiths, Charles L and Robinson, Tamara B and Lange, Louise and Mead, Angela},
journal = {PLOS ONE},
number = {8},
pages = {e12008},
title = {{Marine biodiversity in South Africa: an evaluation of current states of knowledge}},
volume = {5},
year = {2010}
}

@article{Melo2009,
author = {Melo, Adriano S and Rangel, Thiago Fernando L V B and Diniz-Filho, Jos\'{e} Alexandre F},
journal = {Ecography},
number = {2},
pages = {226--236},
title = {{Environmental drivers of beta-diversity patterns in New-World birds and mammals}},
volume = {32},
year = {2009}
}

@article{Tonial2012,
author = {Tonial, M.L.S and Silva, H.L.R. and Tonial, I.J. and Costa, M.C. and {Silva J\'{u}nior}, N. J. and Diniz-Filho, J.A.F.},
journal = {Brazilian Journal of Biology},
number = {3},
pages = {497--504},
title = {{Geographical patterns and partition of turnover and richness components of beta-diversity in faunas from Tocantins river valley}},
volume = {72},
year = {2012}
}

@article{Bolton1996,
author = {Bolton, John J.},
journal = {Hydrobiologia},
number = {1},
pages = {173--178},
title = {{Patterns of species diversity and endemism in comparable temperate brown algal floras}},
volume = {326-327},
year = {1996}
}

@article{Hommersand1986,
title={{The biogeography of the South African marine red algae: A model}},
author={Hommersand, MH},
journal={Botanica Marina},
volume={29},
number={3},
pages={257--270},
year={1986}
}

@article{Hommersand2003,
title={{Biogeography of the marine red algae of the South African West Coast: a molecular approach}},
author={Hommersand, Max H and Fredericq, Suzanne},
journal={Proceedings of the International Seaweed Symposium},
volume={17},
pages={325--336},
year={2003}
}

@article{Sink2005,
author = {Sink, K J and Branch, G M and Harris, J M},
journal = {African Journal of Marine Science},
number = {1},
pages = {81--96},
title = {{Biogeographic patterns in rocky intertidal communities in KwaZulu-Natal, South Africa}},
volume = {27},
year = {2005}
}

@Article{Nekola1999a,
  author  = {Nekola, Jeffrey C and White, Peter S and Carolina, North and Nekola, C and Curriculum, Peter S White},
  title   = {{The distance decay of similarity in biogeography and ecology}},
  journal = {Journal of Biogeography},
  year    = {1999},
  volume  = {26},
  number  = {4},
  pages   = {867--878},
}

@article{Largier1992,
author = {Largier, J L and Chapman, P and Peterson, W T and Swart, V P},
journal = {South African Journal of Marine Science},
number = {1},
pages = {319--339},
title = {{The western Agulhas Bank: circulation, stratification and ecology}},
volume = {12},
year = {1992}
}

@article{Mead2013,
author = {Mead, A. and Griffiths, C. L. and Branch, G. M. and McQuaid, C. D. and Blamey, L. K. and Bolton, J. J. and Anderson, R. J. and Dufois, F. and Rouault, M. and Whitfield, A. K. and Harris, L. R. and Nel, R. and Adams, J. B.},
journal = {African Journal of Marine Science},
number = {3},
pages = {403--425},
title = {{Human-mediated drivers of change -- impacts on coastal ecosystems and marine biota of South Africa}},
volume = {35},
year = {2013}
}

@article{Leaper2011,
author = {Leaper, R. and Hill, N. A. and Edgar, G. J. and Ellis, N. and Lawrence, E. and Pitcher, C. R. and Barrett, N. S. and Thomson, R.},
journal = {Ecosphere},
number = {7},
pages = {1--18},
title = {{Predictions of beta diversity for reef macroalgae across southeastern Australia}},
volume = {2},
year = {2011}
}

@article{Seabra2015,
title={Understanding complex biogeographic responses to climate change},
author={Seabra, Rui and Wethey, David S and Santos, Ant{\'o}nio M and Lima, Fernando P},
journal={Scientific reports},
volume={5},
year={2015},
publisher={Nature Publishing Group}
}

@article{Helmuth2010,
title={Organismal climatology: analyzing environmental variability at scales relevant to physiological stress},
author={Helmuth, Brian and Broitman, Bernardo R and Yamane, Lauren and Gilman, Sarah E and Mach, Katharine and Mislan, KAS and Denny, Mark W},
journal={The Journal of experimental biology},
volume={213},
number={6},
pages={995--1003},
year={2010},
publisher={The Company of Biologists Ltd}
}

@article{Helmuth2006,
title={Living on the edge of two changing worlds: forecasting the responses of rocky intertidal ecosystems to climate change},
author={Helmuth, Brian and Mieszkowska, Nova and Moore, Pippa and Hawkins, Stephen J},
journal={Annual Review of Ecology, Evolution, and Systematics},
pages={373--404},
year={2006},
publisher={JSTOR}
}

@article{Helmuth2014,
title={Beyond long-term averages: making biological sense of a rapidly changing world},
author={Helmuth, Brian and Russell, Bayden D and Connell, Sean D and Dong, Yunwei and Harley, Christopher DG and Lima, Fernando P and Sar{\'a}, Gianluca and Williams, Gray A and Mieszkowska, Nova},
journal={Climate Change Responses},
volume={1},
number={1},
pages={1},
year={2014},
publisher={BioMed Central}
}

@article{Vasseur2014,
title={Increased temperature variation poses a greater risk to species than climate warming},
author={Vasseur, David A and DeLong, John P and Gilbert, Benjamin and Greig, Hamish S and Harley, Christopher DG and McCann, Kevin S and Savage, Van and Tunney, Tyler D and O'Connor, Mary I},
journal={Proceedings of the Royal Society of London B: Biological Sciences},
volume={281},
number={1779},
pages={20132612},
year={2014},
publisher={The Royal Society}
}

@article{Dray2012a,
author = {Dray, S and P{\'e}lissier, R and Couteron, P and Fortin, M J and Legendre, P and Peres-Neto, P R and Bellier, E and Bivand, R and Blanchet, F G and De C{\'a}ceres, M and Dufour, a B and Heegaard, E and Jombart, T and Munoz, F and Oksanen, J and Thioulouse, J and Wagner, H H},
title = {{Community ecology in the age of multivariate multiscale spatial analysis}},
journal = {Ecological Monographs},
year = {2012},
volume={82},
number={3},
pages={257--275}
}

@article{Hubbell2001,
author = {Hubbell, Stephen P},
title = {{The unified neutral theory of biodiversity and biogeography}},
journal = {Monographs in Population Biology},
year = {2001}
}

@article{Dray2006,
author = {Dray, St{\'e}phane and Legendre, Pierre and Peres-Neto, Pedro R},
title = {{Spatial modelling: a comprehensive framework for principal coordinate analysis of neighbour matrices (PCNM)}},
journal = {Ecological Modelling},
year = {2006},
volume={196},
number={3--4},
pages={483--493}
}

@book{Borcard2011,
  title={{Numerical Ecology with R}},
  author={Borcard, D. and Gillet, F. and Legendre, P.},
  isbn={9781441979766},
  lccn={2011280876},
  series={Use R!},
  url={https://books.google.co.za/books?id=dtQNxsH4Y2wC},
  year={2011},
  publisher={Springer New York}
}

@article{Blanchet2008,
author = {Blanchet, F G and Legendre, P and Borcard, D},
title = {{Forward selection of explanatory variables}},
journal = {Ecology},
year = {2008},
volume = {89},
number = {9},
pages = {2623--2632}
}

@article{Peres-Neto2006,
author = {Peres-Neto, Pedro R and Legendre, Pierre and Dray, St{\'e}phane and Borcard, Daniel},
title = {{Variation partitioning of species data matrices: estimation and comparison of fractions}},
journal = {Ecology},
year = {2006},
volume = {87},
number = {10},
pages = {2614--2625},
month = oct
}

@Manual{Baselga2013package,
  title = {{betapart: Partitioning beta diversity into turnover and nestedness
  components}},
  author = {Andres Baselga and David Orme and Sebastien Villeger and Julien {De Bortoli} and Fabien Leprieur},
  year = {2013},
  note = {R package version 1.3},
  url = {https://CRAN.R-project.org/package=betapart},
}

@article{Smale2011,
author = {Smale, Dan and Kendrick, Gary and Wernberg, Thomas},
title = {{Subtidal macroalgal richness, diversity and turnover, at multiple spatial scales, along the southwestern Australian coastline}},
journal = {Estuarine, Coastal and Shelf Science},
year = {2011},
volume = {91},
number = {2},
pages = {224--231},
month = jan
}

@article{Lawton1999,
author = {Lawton, John H},
title = {{Are there general laws in ecology?}},
journal = {Oikos},
year = {1999},
volume = {84},
number = {2},
pages = {177}
}

@article{Tuya2012,
author = {Tuya, F and Cacabelos, E and Duarte, P and Jacinto, D and Castro, Jj and Silva, T and Bertocci, I and Franco, Jn and Arenas, F and Coca, J and Wernberg, T},
title = {{Patterns of landscape and assemblage structure along a latitudinal gradient in ocean climate}},
journal = {Marine Ecology Progress Series},
year = {2012},
volume = {466},
pages = {9--19},
month = oct
}

@article{Waters2010,
author = {Waters, J M and Wernberg, Thomas and Connell, S D and Thomsen, Mads S and Zuccarello, G C and Kraft, G T and Sanderson, J C and West, J A and Gurgel, C F D},
title = {{Australia's marine biogeography revisited: back to the future?}},
journal = {Austral Ecology},
year = {2010},
volume = {35},
number = {8},
pages = {988--992},
month = dec
}

@article{Wernberg2013,
author = {Wernberg, Thomas and Thomsen, Mads S and Connell, S D and Russell, Bayden D and Waters, J M and Zuccarello, Giuseppe C and Kraft, G T and Sanderson, Craig and West, J A and Gurgel, Carlos F D},
title = {{The footprint of continental-scale ocean currents on the biogeography of seaweeds.}},
journal = {PLOS ONE},
year = {2013},
volume = {8},
number = {11},
pages = {e80168},
month = jan
}

@article{deWit2006,
author = {De Wit, Rutger and Bouvier, Thierry},
title = {{'Everything is everywhere, but, the environment selects'; what did Baas Becking and Beijerinck really say?}},
journal = {Environmental Microbiology},
year = {2006},
volume = {8},
number = {4},
pages = {755--758},
month = apr
}

@article{Schlegel2016,
author = {Schlegel, Robert W and Oliver, ECJ and Wernberg, TW and Smit, AJ},
title = {{'Coastal and o shore co-occurrences of marine heatwaves and cold-spells.}},
journal = {Progress in Oceanography},
year = {in review},
volume = {ww},
number = {xx},
pages = {yyy--zzz}
}

@Article{Leaper2011a,
  author  = {Leaper, R and Hill, N A and Edgar, G J and Ellis, N and Lawrence, E and Pitcher, C R and Barrett, N S and Thomson, R},
  title   = {{Predictions of beta diversity for reef macroalgae across southeastern Australia}},
  journal = {Ecosphere},
  year    = {2011},
  volume  = {2},
  number  = {7},
  pages   = {1--18},
  month   = jul,
}

@article{Schils2006,
author = {Schils, Tom and Wilson, Simon C},
title = {{Temperature threshold as a biogeographic barrier in northern Indian Ocean macroalgae}},
journal = {Journal of Phycology},
year = {2006},
volume = {42},
number = {4},
pages = {749--756},
month = aug
}

@article{Baselga2012d,
author = {Baselga, Andres and G o mez-Rodr '{\i}guez, Carola and Lobo, Jorge M},
title = {{Historical legacies in world amphibian diversity revealed by the turnover and nestedness components of beta diversity}},
journal = {PLOS ONE},
year = {2012},
volume = {7},
number = {2},
pages = {e32341}
}

@article{Smale2010,
author = {Smale, Dan A and Kendrick, Gary A and Wernberg, Thomas},
title = {{Assemblage turnover and taxonomic sufficiency of subtidal macroalgae at multiple spatial scales}},
journal = {Journal of Experimental Marine Biology and Ecology},
year = {2010}
}

@article{Issa2014,
author = {Issa, Ahmed A and Hifney, Awatief F and Abdel-Gawad, Khayria M and Gomaa, Mohamed},
title = {{Spatio temporal and environmental factors influencing macroalgal $\beta$ diversity in the Red Sea, Egypt}},
journal = {Botanica Marina},
year = {2016},
volume = {57},
number = {2},
pages = {1--13},
month = jul
}

@article{Soininen2007a,
author = {Soininen, Janne and McDonald, Robert and Hillebrand, Helmut},
title = {{The distance decay of similarity in ecological communities}},
journal = {Ecography},
year = {2007}
}

@article{PeresNeto2010,
author = {Peres-Neto, Pedro R and Legendre, Pierre},
title = {{Estimating and controlling for spatial structure in the study of ecological communities}},
journal = {Global Ecology and Biogeography},
year = {2010},
volume = {19},
number = {2},
pages = {174--184}
}

@Book{Borcard2011a,
  title     = {Numerical Ecology with R},
  publisher = {Springer},
  year      = {2011},
  author    = {Borcard, Daniel and Gillet, Fran{\c{c}}ois and Legendre, Pierre},
  pages     = {306},
}

@article{Siesser1978,
  title={Aridification of the Namib Desert: evidence from oceanic cores},
  author={Siesser, WG},
  journal={Antarctic glacial history and world palaeoenvironments. Balkema, Rotterdam},
  pages={105--113},
  year={1978}
}

@article{Marlow2000,
author = {Marlow, J R and Lange, C B and Wefer, G and Rosell-Mele, A},
title = {{Upwelling intensification as part of the Pliocene-Pleistocene climate transition.}},
journal = {Science},
year = {2000},
volume = {290},
number = {5500},
pages = {2288--2291},
month = dec
}

@article{Zintzen2010,
author = {Zintzen, Vincent and Anderson, Marti J and Roberts, Clive D and Diebel, Carol E},
title = {{Increasing variation in taxonomic distinctness reveals clusters of specialists in the deep sea}},
journal = {Ecography},
year = {2010}
}

@article{McClain2012,
author = {McClain, C R and Stegen, J C and Hurlbert, A H},
title = {{Dispersal, environmental niches and oceanic-scale turnover in deep-sea bivalves}},
journal = {Proceedings of the Royal Society B: Biological Sciences},
year = {2012}
}

@article{Anderson2010,
author = {Anderson, Marti J and Crist, Thomas O and Chase, Jonathan M and Vellend, Mark and Inouye, Brian D and Freestone, Amy L and Sanders, Nathan J and Cornell, Howard V and Comita, Liza S and Davies, Kendi F and Harrison, Susan P and Kraft, Nathan J B and Stegen, James C and Swenson, Nathan G},
title = {{Navigating the multiple meanings of $\beta$ diversity: a roadmap for the practicing ecologist}},
journal = {Ecology Letters},
year = {2010},
volume = {14},
number = {1},
pages = {19--28}
}

@Article{Csardi2006a,
  author  = {Gabor Csardi and Tamas Nepusz},
  title   = {The igraph software package for complex network research},
  journal = {InterJournal},
  year    = {2006},
  volume  = {Complex Systems},
  pages   = {1695},
  url     = {http://igraph.org},
}

@article{Anderson2009,
author = {Anderson, R J and Bolton, J J and Stegenga, H},
title = {{Using the biogeographical distribution and diversity of seaweed species to test the efficacy of marine protected areas in the warm-temperate Agulhas Marine Province, South Africa}},
journal = {Diversity and Distributions},
year = {2009},
volume = {15},
number = {1},
pages = {1017--1027}
}

@Article{Baselga2012,
author = {Baselga, Andres},
title = {The relationship between species replacement, dissimilarity derived from nestedness, and nestedness},
journal = {Global Ecology and Biogeography},
volume = {21},
number = {12},
pages = {1223–1232},
year = {2012}}

@Comment{jabref-meta: databaseType:bibtex;}
