@article{steneck2002,
  title={Kelp forest ecosystems: biodiversity, stability, resilience and future},
  author={Steneck, Robert S and Graham, Michael H and Bourque, Bruce J and Corbett, Debbie and Erlandson, Jon M and Estes, James A and Tegner, Mia J},
  journal={Environmental Conservation},
  volume={29},
  number={4},
  pages={436--459},
  year={2002},
  publisher={Cambridge University Press}
}

@article{dunton1987,
  title={{Dependence of consumers on macroalgal (\emph{Laminaria solidungula}) carbon in an arctic kelp community: $\delta$13C evidence}},
  author={Dunton, KH and Schell, DM},
  journal={Marine Biology},
  volume={93},
  number={4},
  pages={615--625},
  year={1987},
  publisher={Springer}
}

@article{duggins1989,
  title={Magnification of secondary production by kelp detritus in coastal marine ecosystems},
  author={Duggins, DO and Simenstad, CA and Estes, JA},
  journal={Science},
  volume={245},
  number={4914},
  pages={170--173},
  year={1989},
  publisher={American Association for the Advancement of Science}
}

@article{bologna1993,
  title={{Kelp beds as habitat for American lobster \emph{Homarus americanus}}},
  author={Bologna, Paul AX and Steneck, Robert S},
  journal={Marine Ecology Progress Series},
  pages={127--134},
  year={1993},
  publisher={JSTOR}
}

@article{levin1994,
  title={Fine-scale temporal variation in recruitment of a temperate demersal fish: the importance of settlement versus post-settlement loss},
  author={Levin, PS},
  journal={Oecologia},
  volume={97},
  number={1},
  pages={124--133},
  year={1994},
  publisher={Springer}
}

@article{anderson1997,
  title={{Holdfasts of adult kelp \emph{Ecklonia maxima} provide refuges from grazing for recruitment of juvenile kelps}},
  author={Anderson, RJ and Carrick, P and Levitt, GJ and Share, A},
  journal={Marine Ecology Progress Series},
  pages={265--273},
  year={1997},
  publisher={JSTOR}
}

@article{gaines1987,
  title={Fish in offshore kelp forests affect recruitment to intertidal barnacle populations},
  author={Gaines, Steven D and Roughgarden, Jonathan},
  journal={Science},
  volume={235},
  number={4787},
  pages={479--481},
  year={1987},
  publisher={American Association for the Advancement of Science}
}

@article{mann1973,
  title={Seaweeds: their productivity and strategy for growth},
  author={Mann, Kenneth Henry},
  journal={Science},
  volume={182},
  number={4116},
  pages={975--981},
  year={1973},
  publisher={JSTOR}
}

@article{bolton2010,
  title={{The biogeography of kelps (Laminariales, Phaeophyceae): a global analysis with new insights from recent advances in molecular phylogenetics}},
  author={Bolton, John J},
  journal={Helgoland Marine Research},
  volume={64},
  number={4},
  pages={263},
  year={2010}
}

@article{graham2007,
  title={Deep-water kelp refugia as potential hotspots of tropical marine diversity and productivity},
  author={Graham, Michael H and Kinlan, Brian P and Druehl, Louis D and Garske, Lauren E and Banks, Stuart},
  journal={Proceedings of the National Academy of Sciences},
  volume={104},
  number={42},
  pages={16576--16580},
  year={2007},
  publisher={National Acad Sciences}
}

@article{santelices2007,
  title={The discovery of kelp forests in deep-water habitats of tropical regions},
  author={Santelices, Bernab{\'e}},
  journal={Proceedings of the National Academy of Sciences},
  volume={104},
  number={49},
  pages={19163--19164},
  year={2007},
  publisher={National Acad Sciences}
}

@article{dayton1999,
  title={Temporal and spatial scales of kelp demography: the role of oceanographic climate},
  author={Dayton, Paul K and Tegner, Mia J and Edwards, Peter B and Riser, Kristin L},
  journal={Ecological Monographs},
  volume={69},
  number={2},
  pages={219--250},
  year={1999},
  publisher={Wiley Online Library}
}

@article{waldron1992,
  title={{Nitrate supply and potential new production in the Benguela upwelling system}},
  author={Waldron, HN and Probyn, TA},
  journal={South African Journal of Marine Science},
  volume={12},
  number={1},
  pages={29--39},
  year={1992},
  publisher={Taylor \& Francis}
}

@article{jackson1977,
  title={{Nutrients and production of giant kelp, \emph{Macrocystis pyrifera}, off southern California}},
  author={Jackson, George A},
  journal={Limnology and Oceanography},
  volume={22},
  number={6},
  pages={979--995},
  year={1977},
  publisher={Wiley Online Library}
}

@article{gerard1997,
  title={{The role of nitrogen nutrition in high-temperature tolerance of the kelp, \emph{Laminaria saccharina} (Chromophyta)}},
  author={Gerard, Valrie A},
  journal={Journal of Phycology},
  volume={33},
  number={5},
  pages={800--810},
  year={1997},
  publisher={Wiley Online Library}
}

@article{zimmerman1985,
  title={{Effects of El Ni{\~n}o on local hydrography and growth of the giant kelp, \emph{Macrocystis pyrifera}, at Santa Catalina Island, California}},
  author={Zimmerman, Richard C and Robertson, Deborah L},
  journal={Limnology and Oceanography},
  volume={30},
  number={6},
  pages={1298--1302},
  year={1985},
  publisher={Wiley Online Library}
}

@article{wilson2005,
  title={Global climatological relationships between satellite biological and physical observations and upper ocean properties},
  author={Wilson, Cara and Coles, Victoria J},
  journal={Journal of Geophysical Research: Oceans},
  volume={110},
  number={C10},
  year={2005},
  publisher={Wiley Online Library}
}

@article{vzuljevic2016,
  title={{The Mediterranean deep-water kelp \emph{Laminaria rodriguezii} is an endangered species in the Adriatic Sea}},
  author={{\v{Z}}uljevi{\'c}, Ante and Peters, Akira F and Nikoli{\'c}, Vedran and Antoli{\'c}, Boris and Despalatovi{\'c}, Marija and Cvitkovi{\'c}, Ivan and Isajlovi{\'c}, Igor and Mihanovi{\'c}, Hrvoje and Matijevi{\'c}, Slavica and Shewring, Dawn M and others},
  journal={Marine biology},
  volume={163},
  number={4},
  pages={69},
  year={2016},
  publisher={Springer}
}

@article{de1976,
  title={{Deep water marine algae from Espirito Santo State Brazil. Algas marinhas de profundidade do Estado do Espirito Santo}},
  author={de Oliveira Filho, EC},
  journal={Boletim de Bot{\^a}nica da Universidade de S{\~a}o Paulo},
  pages={73--79},
  year={1976},
  publisher={JSTOR}
}

@book{luning1990,
  title={Seaweeds: their environment, biogeography, and ecophysiology},
  author={L{\"u}ning, Klaus},
  year={1990},
  publisher={John Wiley \& Sons}
}
